% dummies
@ARTICLE{ARTICLE:1,
    AUTHOR="John Doe",
    TITLE="Title",
    JOURNAL="Journal",
    YEAR="2017",
}
@MISC{WEBSITE:1,
	HOWPUBLISHED = "\url{http://example.com}",
	AUTHOR = "Intel",
	TITLE = "Example Website",
	MONTH = "Dec",
	YEAR = "1988",
	NOTE = "Accessed on 2012-11-11"
}
% cormen for greedy algorithm reference
@BOOK{Cormen2009,
	AUTHOR = {Cormen, Thomas H.},
	YEAR = {2009},
	TITLE = {Introduction to Algorithms, Third Edition},
	EDITION = {},
	ISBN = {},
	PUBLISHER = {MIT Press},
	ADDRESS = {Cambridge},
}
@MISC{Beam:2,
	HOWPUBLISHED = {\url{https://en.wikipedia.org/wiki/Beam_search}},
	TITLE = {Wikipedia - Beam Search},
	MONTH = {Sep},
	YEAR = {2019},
	NOTE = {Accessed on 2020-01-03}
}
@MISC{Beam:1,
	HOWPUBLISHED = {\url{https://www.cs.unc.edu/~lazebnik/fall10/lec06_local_search.pdf}},
	AUTHOR = {Svetlana Lazebni},
	TITLE = {Local search algorithms},
	NOTE = {Accessed on 2020-01-03}
}
@misc{libralesso2019tree,
    title={Tree search algorithms for the Sequential Ordering Problem},
    author={Luc Libralesso and Abdel-Malik Bouhassoun and Hadrien Cambazard and Vincent Jost},
    year={2019},
    eprint={1911.12427},
    archivePrefix={arXiv},
    primaryClass={cs.DM}
}
@article{ANGHINOLFI20111076,
	title = {A hybrid particle swarm optimization approach for the sequential ordering problem},
	journal = {Computers & Operations Research},
	volume = {38},
	number = {7},
	pages = {1076 - 1085},
	year = {2011},
	issn = {0305-0548},
	doi = {https://doi.org/10.1016/j.cor.2010.10.014},
	author = {Davide Anghinolfi and Roberto Montemanni and Massimo Paolucci and Luca Maria Gambardella}
}