% dummies
@ARTICLE{ARTICLE:1,
    AUTHOR="John Doe",
    TITLE="Title",
    JOURNAL="Journal",
    YEAR="2017",
}
@MISC{WEBSITE:1,
	HOWPUBLISHED = "\url{http://example.com}",
	AUTHOR = "Intel",
	TITLE = "Example Website",
	MONTH = "Dec",
	YEAR = "1988",
	NOTE = "Accessed on 2012-11-11"
}
% cormen for greedy algorithm reference
@BOOK{Cormen2009,
	AUTHOR = {Cormen, Thomas H.},
	YEAR = {2009},
	TITLE = {Introduction to Algorithms, Third Edition},
	EDITION = {},
	ISBN = {},
	PUBLISHER = {MIT Press},
	ADDRESS = {Cambridge},
}
@MISC{Beam:2,
	HOWPUBLISHED = {\url{https://en.wikipedia.org/wiki/Beam_search}},
	TITLE = {Wikipedia - Beam Search},
	MONTH = {Sep},
	YEAR = {2019},
	NOTE = {Accessed on 2020-01-03}
}
@MISC{Beam:1,
	HOWPUBLISHED = {\url{https://www.cs.unc.edu/~lazebnik/fall10/lec06_local_search.pdf}},
	AUTHOR = {Svetlana Lazebni},
	TITLE = {Local search algorithms},
	NOTE = {Accessed on 2020-01-03}
}
@misc{libralesso2019tree,
    title={Tree search algorithms for the Sequential Ordering Problem},
    author={Luc Libralesso and Abdel-Malik Bouhassoun and Hadrien Cambazard and Vincent Jost},
    year={2019},
    eprint={1911.12427},
    archivePrefix={arXiv},
    primaryClass={cs.DM}
}
% paper used to implement DPSO
@article{DPSO-paper,
	author = {Anghinolfi, Davide and Montemanni, Roberto and Paolucci, Massimo and Maria Gambardella, Luca},
	title = {A Hybrid Particle Swarm Optimization Approach for the Sequential Ordering Problem},
	year = {2011},
	issue_date = {July 2011},
	publisher = {Elsevier Science Ltd.},
	address = {GBR},
	volume = {38},
	number = {7},
	issn = {0305-0548},
	url = {https://doi.org/10.1016/j.cor.2010.10.014},
	doi = {10.1016/j.cor.2010.10.014},
	journal = {Comput. Oper. Res.},
	month = jul,
	pages = {1076â€“1085},
	numpages = {10},
	keywords = {Sequential ordering problem, Particle swarm optimization, Metaheuristic algorithms}
}


